@book{Larkoski:2019jnv,
    author = "Larkoski, Andrew J.",
    title = "{Elementary Particle Physics}: {An Intuitive Introduction}",
    isbn = "978-1-108-49698-8, 978-1-108-57940-7",
    publisher = "Cambridge University Press",
    month = "6",
    year = "2019"
}
@book{Siegel:1988yz,
    author = "Siegel, Warren",
    title = "{Introduction to string field theory}",
    eprint = "hep-th/0107094",
    archivePrefix = "arXiv",
    reportNumber = "YITP-SB-01-39",
    volume = "8",
    year = "1988"
}
@book{Nair:2018cuy,
    author = "Nair, V.Parameswaran",
    title = "{Concepts in Particle Physics}",
    doi = "10.1142/10640",
    isbn = "978-981-322-755-2",
    publisher = "World Scientific",
    address = "Singapore",
    year = "2018"
}
@book{Nair:2005iw,
    author = "Nair, V.Parameswaran",
    title = "{Quantum field theory: A modern perspective}",
    month = "6",
    year = "2005"
}
@book{Schwichtenberg:2018dri,
    author = "Schwichtenberg, Jakob",
    title = "{Physics from Symmetry}",
    doi = "10.1007/978-3-319-66631-0",
    isbn = "978-3-319-66630-3, 978-3-319-66631-0",
    publisher = "Springer International Publishing",
    address = "Cham",
    series = "Undergraduate Lecture Notes in Physics",
    year = "2018"
  }
@book{Schwichtenberg20191,
    author = "Schwichtenberg, Jakob",
    title = "{No-Nonsense Quantum Field Theory:  A Student-Friendly Introduction}",
    isbn = "978-3-319-66630-3, 978-3-319-66631-0",
    publisher = "No-Nonsense Books",
    series = "No-Nonsense Books",
    year = "2019"
}
@book{Schwichtenberg20192,
    author = "Schwichtenberg, Jakob",
    title = "{No-Nonsense Quantum Field Theory:  A Student-Friendly Introduction}",
    isbn = "978-3948763015",
    publisher = "No-Nonsense Books",
    series = "No-Nonsense Books",
    year = "2019"
}
@book{Schwichtenberg:20193,
    author = "Schwichtenberg, Jakob",
    title = "{Physics from Finance: A gentle introduction to gauge theories, fundamental interactions and fiber bundles}",
    isbn = "978-1795882415",
    publisher = "No-Nonsense Books",
    series = "No-Nonsense Books",
    year = "2019"
}
@book{Lancaster:2014pza,
    author = "Lancaster, Tom and Blundell, Stephen J.",
    title = "{Quantum Field Theory for the Gifted Amateur}",
    isbn = "978-0-19-969933-9",
    publisher = "Oxford University Press",
    year = "2014"
}
@article{Schwichtenberg:2019fjh,
    author = "Schwichtenberg, Jakob",
    title = "{Demystifying Gauge Symmetry}",
    eprint = "1901.10420",
    archivePrefix = "arXiv",
    primaryClass = "physics.hist-ph",
    month = "1",
    year = "2019"
}
@article{salcedofisica,
  title={F{\'I}SICA MATEM{\'A}TICA. Grupos de Lie, rotaciones, unitarios, Poincar{\'e}. Monte Carlo.},
  author={Salcedo, LL}
}


